% [1] Unchaining your Blockchain
@inproceedings{unchain,
  title={Unchain your blockchain},
  author={Dasu, Tamraparni and Kanza, Yaron and Srivastava, Divesh},
  booktitle={Proc. Symposium on Foundations and Applications of Blockchain},
  volume={1},
  pages={16--23},
  year={2018}
}
% [2] The Bitcoin Lightning Network: Scalable Off-Chain Instant Payments
% [3] A Fast and Scalable Payment Network with Bitcoin Duplex Micropayment Channels
% [4] Concurrency and Privacy with Payment-Channel Networks
% [5] TumbleBit: An Untrusted Bitcoin-Compatible Anonymous Payment Hub
% [6] Plasma: Scalable Autonomous Smart Contracts
