% [1] Unchaining your Blockchain
@inproceedings{unchain,
  title={Unchain your blockchain},
  author={Dasu, Tamraparni and Kanza, Yaron and Srivastava, Divesh},
  booktitle={Proc. Symposium on Foundations and Applications of Blockchain},
  volume={1},
  pages={16--23},
  year={2018}
}
% [2] The Bitcoin Lightning Network: Scalable Off-Chain Instant Payments
@article{light,
  title={The bitcoin lightning network: Scalable off-chain instant payments},
  author={Poon, Joseph and Dryja, Thaddeus},
  journal={draft version 0.5},
  volume={9},
  pages={14},
  year={2016}
}
% [3] A Fast and Scalable Payment Network with Bitcoin Duplex Micropayment Channels
@inproceedings{chan1,
  title={A fast and scalable payment network with bitcoin duplex micropayment channels},
  author={Decker, Christian and Wattenhofer, Roger},
  booktitle={Symposium on Self-Stabilizing Systems},
  pages={3--18},
  year={2015},
  organization={Springer}
}
% [4] Concurrency and Privacy with Payment-Channel Networks
@inproceedings{chan2,
  title={Concurrency and privacy with payment-channel networks},
  author={Malavolta, Giulio and Moreno-Sanchez, Pedro and Kate, Aniket and Maffei, Matteo and Ravi, Srivatsan},
  booktitle={Proceedings of the 2017 ACM SIGSAC Conference on Computer and Communications Security},
  pages={455--471},
  year={2017},
  organization={ACM}
}
% [5] TumbleBit: An Untrusted Bitcoin-Compatible Anonymous Payment Hub
@article{tumble,
  title={Tumblebit: An untrusted bitcoin-compatible anonymous payment hub},
  author={Heilman, Ethan and Alshenibr, Leen and Baldimtsi, Foteini and Scafuro, Alessandra and Goldberg, Sharon},
  journal={Proceedings of NDSS 2017},
  year={2017}
}
% [6] Plasma: Scalable Autonomous Smart Contracts
@article{plasma,
  title={Plasma: Scalable Autonomous Smart Contracts},
  author={Poon, Joseph and Buterin, Vitalik},
  journal={White paper},
  year={2017}
}

